@MISC{php,
title = {PHP Manual},
author = {Mehdi Achour and several more},
publisher = {PHP Documentation Group},
howpublished = {Online},
year = {2014},
url = {https://php.net/manual/en/intro-whatis.php},
note = {https://php.net/manual/en/intro-whatis.php}
}
